@article{Bayley,
    author        = {Bayley A.M},
    title         = {Thermal effects on the pointing of the 32-m MERLIN Radio Telescope at Cambridge},
    journaltitle  = {Astronomy and Astrophysics},
    year          = {1994},
    volume        = {283},
    number        = {},
    pages         = {1051-1057},
    doi           = {}
}

@article{SKA1,
	author        = {Chai X},
	title         = {Experiments on the dish verification antenna China for the SKA},
	journaltitle  = {Exp Astron},
	year          = {1905},
	volume        = {42},
	number        = {},
	pages         = {301 - 317},
	doi           = {10.1007/s10686-016-9511-4}
}
@article{Stuartt,
	author        = {Stuartt A},
	title         = {Optical offset pointing of radio interferometers},
	journaltitle  = {Proc. of SPIE},
	year          = {2010},
	volume        = {7733},
	number        = {},
	pages         = {6},
	doi           = {10.1117/12.857431}
}

@article{Bartosz,
	author        = {Bartosz Lew},
	title         = {Improving pointing of Toruń 32-m radio telescope},
	journaltitle  = {Exp Astron},
year          = {2018},
volume        = {45},
number        = {},
pages         = {81–105},
doi           = {https://doi.org/10.1007/s10686-018-9573-6}
}
@article{Kong,
	author        = {De-Qing Kong },
	title         = {A new calibration model for pointing a radio telescope that
	considers nonlinear errors in the azimuth axis},
	journaltitle  = {Res Astron Astrophys},
	year          = {2014},
	volume        = {14},
	number        = {6},
	pages         = {733–740},
	doi           = {10.1088/1674–4527/14/6/011}
}

@article{ALMA,
	author        = {Mangum J.G},
	title         = {A Telescope Pointing Algorithm for ALMA},
	journaltitle  = {ALMA Memo},
	year          = {2001},
	volume        = {366},
	number        = {},
	pages         = {},
	doi           = {}
}





@online{k,
	author        = {De-Qing Kong },
	title         = {A new calibration model for pointing a radio telescope that
	considers nonlinear errors in the azimuth axis},
	year          = {1984},
	url           = {https://physics.nist.gov/cuu/Units/checklist.html}
}

@book{latexcompanion,
    author        = {Michel Goossens and Frank Mittelbach and Alexander Samarin},
    title         = {The \LaTeX\ Companion},
    year          = {1993},
    publisher     = {Addison-Wesley},
    location      = {Reading, Massachusetts}
}

@book{CAM,
	author        = {Lize van Heveer},
	title         = {CAM subsystem Requirements specification},
	year          = {2018},
	publisher     = {SARAO internal document},
	location      = {M1500-0000-000, Rev TBD}
	
	
}
@book{AP,
	author        = {Hendrik Bester},
	title         = {Antenna Positioner Requirement Specification},
	year          = {2013},
	publisher     = {SARAO internal document},
	location      = {M1110-0000-001, Rev TBD}
	
	
}

@book{Tony,
	author        = {Foley A.R},
	title         = {MeerKAT interferometric pointing},
	year          = {2019},
	publisher     = {SARAO internal document},
	location      = {M2600-0000-002, Rev B}
	
	
}


@book{DIG,
	author        = {Sias Malan},
	title         = {Digitiser System Requirement Specification},
	year          = {2017},
	publisher     = {SARAO internal document},
	location      = { M1130-2000-001, Rev TBD}
	
	
}

@book{CBF,
	author        = {Tyrone van Bella},
	title         = {Correlator Beamformer Requirement Specification},
	year          = {2017},
	publisher     = {SARAO internal document},
	location      = { M1200-0000-001, Rev TBD}
	
	
}
@book{SP,
	author        = {Thomas Bennett},
	title         = {Science Process Requirement Specification},
	year          = {2018},
	publisher     = {SARAO internal document},
	location      = { M1400-0000-001, Rev TBD}
	
	
}

@book{TFR,
	author        = {Johan Burger},
	title         = {TFR System Requirement Specification},
	year          = {2018},
	publisher     = {SARAO internal document},
	location      = { M1200-000-001, Rev TBD}
@book{SE,
	author        = {Adrian Peens-Hough},
	title         = {Tiltmeter Monitoring Report: m032},
	year          = {2020},
	publisher     = {SARAO internal document},
	location      = { M0000-000-000, Rev TBD}
		
	
}


@online{ComRAD,
	author        = {ComRad},
	title         = { ComRAD manual },
	year          = {2018},
	url           = {https://drive.google.com/file/d/151W5MzKI77UpWVst17cjMlg09AVLLRqP/view}
}
